@Comment А вот так оформляется библиография при помощи BibTeX.

@Book{os-concepts,
	author = {Abraham Silberschatz, Peter Baer Galvin, Greg Gagne},
	title = {Operating system concepts},
	year = {2013},
	language = "english",
	note = {c.7-12},
},

@Book{wepskam,
	title = {[Электронный ресурс]},
	url = {URL: https://landley.net/writing/memory-faq.txt},
	note = {дата обращения: 10.05.2021},
	language = "english"
},

@Book{mmap,
	title = {[Электронный ресурс]},
	url = {URL: https://man7.org/linux/man-pages/man2/mmap.2.html},
	note = {дата обращения: 10.05.2021},
	language = "english"
},

@Book{sbrk,
	title = {[Электронный ресурс]},
	url = {URL: https://man7.org/linux/man-pages/man2/sbrk.2.html},
	note = {дата обращения: 10.05.2021},
	language = "english"
},

@Book{mmu,
	title = {[Электронный ресурс]},
	url = {URL: https://en.wikipedia.org/wiki/Memory_management_unit},
	note = {дата обращения: 10.05.2021},
	language = "english"
},

@Book{memory-mapping,
	title = {[Электронный ресурс]},
	url = {URL: https://linux-kernel-labs.github.io/refs/heads/master/labs/memory_mapping.html},
	note = {дата обращения: 10.05.2021},
	language = "english"
},

@Book{glibc-malloc-overview,
	title = {[Электронный ресурс]},
	url = {URL: https://sploitfun.wordpress.com/2015/02/10/understanding-glibc-malloc/},
	year = {2015},
	note = {дата обращения: 10.05.2021},
	language = "english"
},

@Book{tcmalloc-design-doc,
	title = {[Электронный ресурс]},
	url = {URL: https://github.com/google/tcmalloc/blob/master/docs/design.md},
	year = {2021},
	note = {дата обращения: 10.05.2021},
	language = "english"
},

@Book{jemalloc,
	title = {[Электронный ресурс]},
	url = {URL: http://jemalloc.net/jemalloc.3.html},
	year = {2021},
	note = {дата обращения: 10.05.2021},
	language = "english"
},

@Book{jemalloc-fb-blog,
	title = {[Электронный ресурс]},
	url = {URL: https://www.facebook.com/notes/facebook-engineering/scalable-memory-allocation-using-jemalloc/480222803919},
	year = {2021},
	note = {дата обращения: 10.05.2021},
	language = "english"
},

@Book{mimalloc-tech-report,
	author = {{DAAN LEIJEN, BENJAMIN ZORN, LEONARDO DE MOURA}},
	title = {[Электронный ресурс]},
	url = {URL: https://www.microsoft.com/en-us/research/uploads/prod/2019/06/mimalloc-tr-v1.pdf},
	year = {2019},
	note = {дата обращения: 10.05.2021},
	language = "english"
},

@Book{rpmalloc,
	title = {[Электронный ресурс]},
	url = {URL: https://github.com/mjansson/rpmalloc},
	year = {2021},
	note = {дата обращения: 10.05.2021},
	language = "english"
},

@Book{spinlock,
	title = {[Электронный ресурс]},
	url = {URL: https://rigtorp.se/spinlock/},
	year = {2021},
	note = {дата обращения: 10.05.2021},
	language = "english"
},

@Book{paging,
	title = {[Электронный ресурс]},
	url = {URL: https://connormcgarr.github.io/paging/},
	year = {2021},
	note = {дата обращения: 10.05.2021},
	language = "english"
},

@Book{page-tables,
	title = {[Электронный ресурс]},
	url = {URL: https://wiki.osdev.org/Page_Tables},
	year = {2021},
	note = {дата обращения: 10.05.2021},
	language = "english"
},

@Book{rseq,
	title = {[Электронный ресурс]},
	author = {{Paul Turner, Andrew Hunter, Mathieu Desnoyers}},
	url = {URL: https://github.com/google/tcmalloc/blob/master/docs/rseq.md},
	year = {2021},
	note = {дата обращения: 10.05.2021},
	language = "english"
},

@Book{page,
	title = {[Электронный ресурс]},
	url = {URL: https://en.wikipedia.org/wiki/Page_\%28computer_memory\%29},
	year = {2021},
	note = {дата обращения: 10.05.2021},
	language = "english"
},

@Book{tlb,
	title = {[Электронный ресурс]},
	url = {URL: https://en.wikipedia.org/wiki/Translation_lookaside_buffer},
	year = {2021},
	note = {дата обращения: 10.05.2021},
	language = "english"
},

@Book{heap,
	title = {[Электронный ресурс]},
	url = {URL: https://en.wikipedia.org/wiki/Memory_management\#HEAP},
	year = {2021},
	note = {дата обращения: 10.05.2021},
	language = "english"
},

@Book{page-frame,
	title = {[Электронный ресурс]},
	url = {URL: https://wiki.osdev.org/Page_Frame_Allocation},
	year = {2021},
	note = {дата обращения: 10.05.2021},
	language = "english"
},

@Book{arena,
	title = {[Электронный ресурс]},
	url = {URL: https://en.wikipedia.org/wiki/Region-based_memory_management},
	year = {2021},
	note = {дата обращения: 10.05.2021},
	language = "english"
},
}\textsl{}